<?xml version="1.0" encoding="UTF-8"?><collection xmlns="http://www.loc.gov/MARC21/slim"><record><leader>00353nam--2200133-i-4500</leader><controlfield tag="001">000009085</controlfield><controlfield tag="002">20161230</controlfield><controlfield tag="005">20161230201028</controlfield><controlfield tag="008">060222s1000------------r-----000-0-eng-d</controlfield><datafield ind1=" " ind2=" " tag="080"><subfield code="a">535-1</subfield></datafield><datafield ind1=" " ind2=" " tag="100"><subfield code="a">Chartier, Pierre</subfield></datafield><datafield ind1=" " ind2=" " tag="245"><subfield code="a">Liaisons infrarouges</subfield></datafield><datafield ind1=" " ind2=" " tag="260"><subfield code="a">Saclay, Service Central De Documentation Du C. E.A., 1969. 25 P. + 26 Fig</subfield></datafield><datafield ind1=" " ind2=" " tag="852"><subfield code="a">D1021</subfield></datafield></record></collection>